<?xml version="1.0" encoding="UTF-8" ?>
<record Numero="14804158" format="InterXMarc_Complet" type="Authority">
<leader>00804c0 au22000272  45  <Pos Code="0004">00804</Pos>
<Pos Code="05" Sens="notice modifiée">c</Pos>
<Pos Code="06" Sens="notice validée par les services d&apos;autorité">0</Pos>
<Pos Code="08" Sens="notice d&apos;autorité">a</Pos>
<Pos Code="09" Sens="titre uniforme musical (TUM)">u</Pos>
<Pos Code="10">2</Pos>
<Pos Code="11">2</Pos>
<Pos Code="1216">00027</Pos>
<Pos Code="17" Sens="autres cas">2</Pos>
<Pos Code="20">4</Pos>
<Pos Code="21">5</Pos>
</leader>
<controlfield tag="001">FRBNF148041584<Pos Code="0001">FR</Pos>
<Pos Code="0204">BNF</Pos>
<Pos Code="0512">14804158</Pos>
<Pos Code="13">4</Pos>
</controlfield>
<controlfield tag="008">980915141009yyger li        1911      1913                   1   <Pos Code="0001">98</Pos>
<Pos Code="0203">09</Pos>
<Pos Code="0405">15</Pos>
<Pos Code="0607">14</Pos>
<Pos Code="0809">10</Pos>
<Pos Code="1011">09</Pos>
<Pos Code="1213" Sens="ne s&apos;applique pas">yy</Pos>
<Pos Code="1416" Sens="allemand">ger</Pos>
<Pos Code="1820" Sens="Lied">li </Pos>
<Pos Code="2831">1911</Pos>
<Pos Code="3841">1913</Pos>
<Pos Code="61" Sens="La vedette peut être liée à une notice bibliographique sauf pour l&apos;accès matière RAMEAU">1</Pos>
</controlfield>
<datafield tag="048" ind1=" " ind2=" ">
	<subfield code="a">vz01<Pos Code="0001" Sens="voix - non spécifié">vz</Pos>
<Pos Code="02">0</Pos>
<Pos Code="03">1</Pos>
</subfield>
	<subfield code="a">ka01<Pos Code="0001" Sens="clavier - piano">ka</Pos>
<Pos Code="02">0</Pos>
<Pos Code="03">1</Pos>
</subfield>
</datafield>
<datafield tag="100" ind1=" " ind2=" ">
	<subfield code="3">13896112</subfield>
	<subfield code="w"> 0  b     </subfield>
	<subfield code="a">Korngold</subfield>
	<subfield code="m">Erich Wolfgang</subfield>
	<subfield code="d">1897-1957</subfield>
</datafield>
<datafield tag="144" ind1="1" ind2=" ">
	<subfield code="w">....b.....</subfield>
	<subfield code="a">Einfache Lieder</subfield>
	<subfield code="p">Op. 9</subfield>
</datafield>
<datafield tag="302" ind1=" " ind2=" ">
	<subfield code="3">13970622</subfield>
	<subfield code="a">Korngold</subfield>
	<subfield code="m">Erich Wolfgang</subfield>
	<subfield code="d">1897-1957</subfield>
	<subfield code="t">[Schneeglöckchen. Op. 9, no 1]</subfield>
</datafield>
<datafield tag="302" ind1=" " ind2=" ">
	<subfield code="3">13970623</subfield>
	<subfield code="a">Korngold</subfield>
	<subfield code="m">Erich Wolfgang</subfield>
	<subfield code="d">1897-1957</subfield>
	<subfield code="t">[Nachtwanderer. Op. 9, no 2]</subfield>
</datafield>
<datafield tag="302" ind1=" " ind2=" ">
	<subfield code="3">13970624</subfield>
	<subfield code="a">Korngold</subfield>
	<subfield code="m">Erich Wolfgang</subfield>
	<subfield code="d">1897-1957</subfield>
	<subfield code="t" Barre="5">[Das Ständchen. Op. 9, no 3]</subfield>
</datafield>
<datafield tag="302" ind1=" " ind2=" ">
	<subfield code="3">13967191</subfield>
	<subfield code="a">Korngold</subfield>
	<subfield code="m">Erich Wolfgang</subfield>
	<subfield code="d">1897-1957</subfield>
	<subfield code="t">[Liebesbriefchen. Op. 9, no 4]</subfield>
</datafield>
<datafield tag="600" ind1=" " ind2=" ">
	<subfield code="a">Réunit : &quot;Schneeglöckchen&quot; ; &quot;Nachtwanderer&quot; ; &quot;Ständchen&quot; ; &quot;Liebesbriefchen&quot; ; &quot;Das Heldengrab am Pruth&quot; ; &quot;Sommer&quot;</subfield>
	<subfield code="a">Dates de compositions : 1911, 1913, 1916</subfield>
</datafield>
<datafield tag="610" ind1=" " ind2=" ">
	<subfield code="a">Catalogue éditeur Schott</subfield>
</datafield>
<datafield tag="917" ind1=" " ind2=" ">
	<subfield code="o">OPD</subfield>
	<subfield code="a">100278300</subfield>
	<subfield code="b">ATUM</subfield>
</datafield>
<Alter Ori="13896112">
<datafield tag="400" ind1=" " ind2=" ">
	<subfield code="w">    b     </subfield>
	<subfield code="a">Korngold</subfield>
	<subfield code="m">Erich</subfield>
	<subfield code="d">1897-1957</subfield>
</datafield>
<datafield tag="031" ind1=" " ind2=" ">
	<subfield code="a">0000000108634436</subfield>
	<subfield code="2" Sens="ISNI chargé à partir de VIAF">VIAF</subfield>
	<subfield code="d">20130731<Pos Code="0003">2013</Pos>
<Pos Code="0407" Sens="31 juillet">0731</Pos>
</subfield>
</datafield>
</Alter>
<Attr Nom="IDPerenne">ark:/12148/cb14804158n</Attr>
<Attr Nom="NumSource">OPD 100278300</Attr>
<Attr Nom="Source" Sens="BnF catalogue général (depuis 1999)">A</Attr>
<Attr Nom="NumAutoriteLiee">1389611213970622139706231397062413967191</Attr>
<Attr Nom="DateCreation">15/09/ 1998</Attr>
<Attr Nom="ResponsableCreation">MIGV3_FF</Attr>
<Attr Nom="StructCreation">1</Attr>
<Attr Nom="DateDerniereValidation">09/10/ 2014</Attr>
<Attr Nom="ResponsableDerniereValidation">SERRES CATHERINE</Attr>
<Attr Nom="StructPremiereValidation">1</Attr>
<Attr Nom="DatePremiereValidation">15/09/ 1998</Attr>
<Attr Nom="ResponsablePremiereValidation">MIGV3_FF</Attr>
<Attr Nom="StructDerniereValidation">82</Attr>
<Attr Nom="NumSource">OPP 10615665</Attr>
</record>
